@misc{vaswani2023attentionneed,
  title         = {Attention Is All You Need},
  author        = {Vaswani, Ashish and Shazeer, Noam and Parmar, Niki and Uszkoreit, Jakob and Jones, Llion and Gomez, Aidan N. and Kaiser, Lukasz and Polosukhin, Illia},
  year          = {2023},
  eprint        = {1706.03762},
  archiveprefix = {arXiv},
  primaryclass  = {cs.CL},
  url           = {https://arxiv.org/abs/1706.03762}
}
@article{radford2018improving,
  title   = {Improving Language Understanding by Generative Pre-Training},
  author  = {Radford, Alec and Narasimhan, Karthik and Salimans, Tim and Sutskever, Ilya},
  year    = {2018},
  journal = {OpenAI},
  url     = {https://openai.com/index/language-unsupervised/}
}
@misc{ramesh2021zeroshottexttoimagegeneration,
  title         = {Zero-Shot Text-to-Image Generation},
  author        = {Aditya Ramesh and Mikhail Pavlov and Gabriel Goh and Scott Gray and Chelsea Voss and Alec Radford and Mark Chen and Ilya Sutskever},
  year          = {2021},
  eprint        = {2102.12092},
  archiveprefix = {arXiv},
  primaryclass  = {cs.CV},
  url           = {https://arxiv.org/abs/2102.12092}
}
@misc{ho2020denoisingdiffusionprobabilisticmodels,
  title         = {Denoising Diffusion Probabilistic Models},
  author        = {Jonathan Ho and Ajay Jain and Pieter Abbeel},
  year          = {2020},
  eprint        = {2006.11239},
  archiveprefix = {arXiv},
  primaryclass  = {cs.LG},
  url           = {https://arxiv.org/abs/2006.11239}
}
@misc{dong2017museganmultitracksequentialgenerative,
  title         = {MuseGAN: Multi-track Sequential Generative Adversarial Networks for Symbolic Music Generation and Accompaniment},
  author        = {Hao-Wen Dong and Wen-Yi Hsiao and Li-Chia Yang and Yi-Hsuan Yang},
  year          = {2017},
  eprint        = {1709.06298},
  archiveprefix = {arXiv},
  primaryclass  = {eess.AS},
  url           = {https://arxiv.org/abs/1709.06298}
}
@misc{li2025jen1textguideduniversalmusic,
  title         = {JEN-1: Text-Guided Universal Music Generation with Omnidirectional Diffusion Models},
  author        = {Peike Li and Boyu Chen and Yao Yao and Yikai Wang and Allen Wang and Alex Wang},
  year          = {2025},
  eprint        = {2308.04729},
  archiveprefix = {arXiv},
  primaryclass  = {cs.SD},
  url           = {https://arxiv.org/abs/2308.04729}
}
@misc{goodfellow2014generativeadversarialnetworks,
      title={Generative Adversarial Networks}, 
      author={Ian J. Goodfellow and Jean Pouget-Abadie and Mehdi Mirza and Bing Xu and David Warde-Farley and Sherjil Ozair and Aaron Courville and Yoshua Bengio},
      year={2014},
      eprint={1406.2661},
      archivePrefix={arXiv},
      primaryClass={stat.ML},
      url={https://arxiv.org/abs/1406.2661}, 
}
@misc{huang2018musictransformer,
      title={Music Transformer}, 
      author={Cheng-Zhi Anna Huang and Ashish Vaswani and Jakob Uszkoreit and Noam Shazeer and Ian Simon and Curtis Hawthorne and Andrew M. Dai and Matthew D. Hoffman and Monica Dinculescu and Douglas Eck},
      year={2018},
      eprint={1809.04281},
      archivePrefix={arXiv},
      primaryClass={cs.LG},
      url={https://arxiv.org/abs/1809.04281}, 
}
@misc{dhariwal2020jukeboxgenerativemodelmusic,
      title={Jukebox: A Generative Model for Music}, 
      author={Prafulla Dhariwal and Heewoo Jun and Christine Payne and Jong Wook Kim and Alec Radford and Ilya Sutskever},
      year={2020},
      eprint={2005.00341},
      archivePrefix={arXiv},
      primaryClass={eess.AS},
      url={https://arxiv.org/abs/2005.00341}, 
}
@misc{rombach2022highresolutionimagesynthesislatent,
      title={High-Resolution Image Synthesis with Latent Diffusion Models}, 
      author={Robin Rombach and Andreas Blattmann and Dominik Lorenz and Patrick Esser and Bj√∂rn Ommer},
      year={2022},
      eprint={2112.10752},
      archivePrefix={arXiv},
      primaryClass={cs.CV},
      url={https://arxiv.org/abs/2112.10752}, 
}
@misc{chung2022scalinginstructionfinetunedlanguagemodels,
      title={Scaling Instruction-Finetuned Language Models}, 
      author={Hyung Won Chung and Le Hou and Shayne Longpre and Barret Zoph and Yi Tay and William Fedus and Yunxuan Li and Xuezhi Wang and Mostafa Dehghani and Siddhartha Brahma and Albert Webson and Shixiang Shane Gu and Zhuyun Dai and Mirac Suzgun and Xinyun Chen and Aakanksha Chowdhery and Alex Castro-Ros and Marie Pellat and Kevin Robinson and Dasha Valter and Sharan Narang and Gaurav Mishra and Adams Yu and Vincent Zhao and Yanping Huang and Andrew Dai and Hongkun Yu and Slav Petrov and Ed H. Chi and Jeff Dean and Jacob Devlin and Adam Roberts and Denny Zhou and Quoc V. Le and Jason Wei},
      year={2022},
      eprint={2210.11416},
      archivePrefix={arXiv},
      primaryClass={cs.LG},
      url={https://arxiv.org/abs/2210.11416}, 
}